<?xml version="1.0"?>
<marc:records xmlns:marc="http://www.loc.gov/MARC21/slim" xmlns:xsi="http://www.w3.org/2001/XMLSchema-instance" xsi:schemaLocation="http://www.loc.gov/MARC21/slim http://www.loc.gov/standards/marcxml/schema/MARC21slim.xsd">
  <marc:record>
    <marc:leader>02100cam a2200349 i 4500</marc:leader>
    <marc:controlfield tag="001">9949183703503681</marc:controlfield>
    <marc:controlfield tag="005">20141219113437.0</marc:controlfield>
    <marc:controlfield tag="008">101220m18321869enk           001 0 eng d</marc:controlfield>
    <marc:datafield ind1=" " ind2=" " tag="035">
  <marc:subfield code="a">(OCoLC)ocm58896847</marc:subfield>
</marc:datafield>
    <marc:datafield ind1=" " ind2=" " tag="035">
  <marc:subfield code="a">(OCoLC)58896847</marc:subfield>
</marc:datafield>
    <marc:datafield ind1=" " ind2=" " tag="035">
  <marc:subfield code="a">4918370</marc:subfield>
</marc:datafield>
    <marc:datafield ind1=" " ind2=" " tag="035">
  <marc:subfield code="a">(PU)4918370-penndb-Voyager</marc:subfield>
</marc:datafield>
    <marc:datafield ind1=" " ind2=" " tag="040">
  <marc:subfield code="a">PAU</marc:subfield>
  <marc:subfield code="c">PAU</marc:subfield>
</marc:datafield>
    <marc:datafield ind1=" " ind2="4" tag="050">
  <marc:subfield code="a">SF290.G8</marc:subfield>
  <marc:subfield code="b">G4 1832</marc:subfield>
</marc:datafield>
    <marc:datafield ind1="0" ind2="4" tag="245">
  <marc:subfield code="a">The general stud book :</marc:subfield>
  <marc:subfield code="b">containing pedigrees of race horses, &amp;c. &amp;c. from the earliest accounts.</marc:subfield>
</marc:datafield>
    <marc:datafield ind1=" " ind2=" " tag="260">
  <marc:subfield code="a">London :</marc:subfield>
  <marc:subfield code="b">Charles and James Weatherby,</marc:subfield>
  <marc:subfield code="c">1832-1869 [v. 1: 1858]</marc:subfield>
</marc:datafield>
    <marc:datafield ind1=" " ind2=" " tag="500">
  <marc:subfield code="a">Subtitle varies.</marc:subfield>
</marc:datafield>
    <marc:datafield ind1=" " ind2=" " tag="500">
  <marc:subfield code="a">Edition statement varies: v. 1 has: 4th ed. ; v. 2 and 4-6 each has: 2nd ed. ; v. 3 has: 3rd ed. ; v. 7-11 each without edition statement.</marc:subfield>
</marc:datafield>
    <marc:datafield ind1=" " ind2=" " tag="500">
  <marc:subfield code="a">Publisher varies: v. 1, 3, 4, and 6-8 each has: Charles and James Weatherby; v. 2 has: Charles Weatherby; v. 5 and 10 each has: C., J., &amp; E. Weatherby; v. 9 has: Charles, James, and Edward Weatherby; v. 11 has: C., J., E., &amp; J.P. Weatherby.</marc:subfield>
</marc:datafield>
    <marc:datafield ind1=" " ind2=" " tag="500">
  <marc:subfield code="a">Vol. 1 dated 1858; v. 2 dated 1832; v. 3 dated 1855; v. 4 dated 1840; v. 5 dated 1866; v. 6 dated 1857; v. 7 dated 1853; v. 8 dated 1857; v. 9 dated 1861; v. 10 dated 1865; v. 11 dated 1869.</marc:subfield>
</marc:datafield>
    <marc:datafield ind1=" " ind2=" " tag="500">
  <marc:subfield code="a">Errata among preliminaries of v. 2-3 and 11; errata at end of v. 8-10.</marc:subfield>
</marc:datafield>
    <marc:datafield ind1=" " ind2=" " tag="500">
  <marc:subfield code="a">Errata slip inserted in each of v. 8-10.</marc:subfield>
</marc:datafield>
    <marc:datafield ind1=" " ind2=" " tag="500">
  <marc:subfield code="a">Includes indexes.</marc:subfield>
</marc:datafield>
    <marc:datafield ind1=" " ind2=" " tag="561">
  <marc:subfield code="a">Rogers, Fairman, 1833-1900 (donor) (Fairman Rogers copy)</marc:subfield>
</marc:datafield>
    <marc:datafield ind1=" " ind2=" " tag="590">
  <marc:subfield code="a">Fairman Rogers copy: Presented to the Penn Libraries by Fairman Rogers.</marc:subfield>
</marc:datafield>
    <marc:datafield ind1=" " ind2=" " tag="590">
  <marc:subfield code="a">Fairman Rogers copy: Penn Libraries copy: v. 2 has a few ms. annotations in pencil.</marc:subfield>
</marc:datafield>
    <marc:datafield ind1=" " ind2=" " tag="590">
  <marc:subfield code="a">Fairman Rogers copy: Penn Libraries copy: v. 10: title leaf mended at head outer corner and table of contents leaf mended at inner margin; v. 11: title leaf mended at inner and fore-edge margins.</marc:subfield>
</marc:datafield>
    <marc:datafield ind1=" " ind2="0" tag="650">
  <marc:subfield code="a">Horses</marc:subfield>
  <marc:subfield code="z">Great Britain</marc:subfield>
  <marc:subfield code="v">Pedigrees</marc:subfield>
  <marc:subfield code="v">Early works to 1800.</marc:subfield>
</marc:datafield>
    <marc:datafield ind1=" " ind2="0" tag="650">
  <marc:subfield code="a">Race horses</marc:subfield>
  <marc:subfield code="z">Great Britain</marc:subfield>
  <marc:subfield code="v">Pedigrees</marc:subfield>
  <marc:subfield code="v">Early works to 1800.</marc:subfield>
</marc:datafield>
    <marc:datafield ind1=" " ind2=" " tag="651">
  <marc:subfield code="y">1832-1869</marc:subfield>
</marc:datafield>
    <marc:datafield ind1="2" ind2=" " tag="710">
  <marc:subfield code="a">Fairman Rogers Collection (University of Pennsylvania)</marc:subfield>
  <marc:subfield code="5">PU</marc:subfield>
</marc:datafield>
    <marc:datafield ind1=" " ind2=" " tag="752">
  <marc:subfield code="a">England</marc:subfield>
  <marc:subfield code="d">London.</marc:subfield>
</marc:datafield>
    <marc:datafield ind1="0" ind2="0" tag="773">
  <marc:subfield code="t">Fairman Rogers Collection (University of Pennsylvania)</marc:subfield>
</marc:datafield>
    <marc:datafield ind1="1" ind2=" " tag="852">
  <marc:subfield code="b">newbrare</marc:subfield>
  <marc:subfield code="h">798.1</marc:subfield>
  <marc:subfield code="i">W37</marc:subfield>
</marc:datafield>
    <marc:datafield ind1=" " ind2=" " tag="999">
  <marc:subfield code="z">CHR 1832-1869</marc:subfield>
  <marc:subfield code="z">PRO Rogers, Fairman, 1833-1900 (donor) (Fairman Rogers copy)</marc:subfield>
</marc:datafield>
    <marc:holdings>
      <marc:holding>
        <marc:holding_id>22357307420003681</marc:holding_id>
        <marc:call_number>798.1 W37</marc:call_number>
        <marc:library>VetNBLib</marc:library>
        <marc:location>newbrare</marc:location>
      </marc:holding>
    </marc:holdings>
  </marc:record>
</marc:records>
